
@misc{noauthor_phase_nodate,
	title = {Phase {Diagram}},
	url = {https://www.imetllc.com/training-article/phase-diagram/},
	abstract = {A phase diagram is a graphical representations of the phases present in an alloy with a specific composition being held at a particular temperature.},
	language = {en-US},
	urldate = {2018-12-07},
	journal = {Industrial Metallurgists},
	file = {Snapshot:files/279/phase-diagram.html:text/html}
}